<?xml version="1.0" encoding="UTF-8"?><collection xmlns="http://www.loc.gov/MARC21/slim"><record><leader>00494nam--2200181-i-4500</leader><controlfield tag="001">000011201</controlfield><controlfield tag="002">20161230</controlfield><controlfield tag="005">20170108173203</controlfield><controlfield tag="008">060222s1000------------r-----000-0-eng-d</controlfield><datafield ind1=" " ind2=" " tag="080"><subfield code="a">539.125.5.164:539.125.5.162.2(047)</subfield></datafield><datafield ind1=" " ind2=" " tag="100"><subfield code="a">Abbate, M. J</subfield></datafield><datafield ind1=" " ind2=" " tag="245"><subfield code="a">Termalizacion de neutrones en agua liviana: Medicion y alculo de espectros</subfield></datafield><datafield ind1=" " ind2=" " tag="260"><subfield code="a">Buenos Aires</subfield><subfield code="b">C.N.E.A</subfield><subfield code="c">1975</subfield></datafield><datafield ind1=" " ind2=" " tag="300"><subfield code="a">16 p</subfield></datafield><datafield ind1=" " ind2=" " tag="490"><subfield code="a">393</subfield></datafield><datafield ind1=" " ind2=" " tag="700"><subfield code="a">Lolich, J. V</subfield></datafield><datafield ind1=" " ind2=" " tag="852"><subfield code="a">14000</subfield></datafield><datafield ind1=" " ind2=" " tag="CAT"><subfield code="a">SYS</subfield><subfield code="c">20170108</subfield><subfield code="h">173203</subfield></datafield></record></collection>